<?xml version="1.0" encoding="UTF-8"?>
<record xmlns="http://www.loc.gov/MARC21/slim">
   <leader>01829cam a2200349 a 4500</leader>
   <controlfield tag="001">939846</controlfield>
   <controlfield tag="003">NjP</controlfield>
   <controlfield tag="005">20190705142658.0</controlfield>
   <controlfield tag="008">941221s1865    ua            000 0 ara d</controlfield>
   <datafield tag="024" ind1="7" ind2=" ">
      <subfield code="a">princeton_aco004099</subfield>
      <subfield code="2">local</subfield>
   </datafield>
   <datafield ind1=" " ind2=" " tag="035">
      <subfield code="a">(CStRLIN)NJPG94-B77332</subfield>
   </datafield>
   <datafield ind1=" " ind2=" " tag="035">
      <subfield code="9">CBN8308TS</subfield>
   </datafield>
   <datafield ind1=" " ind2=" " tag="035">
      <subfield code="a">(NjP)939846</subfield>
   </datafield>
   <datafield ind1=" " ind2=" " tag="040">
      <subfield code="a">NjP</subfield>
      <subfield code="c">PUL</subfield>
      <subfield code="d">PUL</subfield>
   </datafield>
   <datafield ind1=" " ind2=" " tag="049">
      <subfield code="a">PULL</subfield>
   </datafield>
   <datafield ind1=" " ind2=" " tag="035">
      <subfield code="a">(OCoLC)ocm31823667</subfield>
   </datafield>
   <datafield ind1="1" ind2=" " tag="100">
      <subfield code="6">880-01</subfield>
      <subfield code="a">Amīr al-Kabīr, Muḥammad ibn Muḥammad,</subfield>
      <subfield code="d">1742-1817.</subfield>
      <subfield code="0">http://id.loc.gov/authorities/names/n88242413</subfield>
   </datafield>
   <datafield ind1="1" ind2="0" tag="245">
      <subfield code="6">880-02</subfield>
      <subfield code="a">Ḥāshiyat al-ʻAllāmah al-Amīr ʻalá sharḥ al-Shaykh al-Imām ʻAbd al-Salām ʻalá al-Jawharah fī ʻilm al-kalām.</subfield>
   </datafield>
   <datafield ind1=" " ind2=" " tag="260">
      <subfield code="6">880-03</subfield>
      <subfield code="a">Būlāq :</subfield>
      <subfield code="b">al-Maṭbaʻah al-Khudaywīyah,</subfield>
      <subfield code="c">1282 [1865 or 1866]</subfield>
   </datafield>
   <datafield ind1=" " ind2=" " tag="300">
      <subfield code="a">251 p. ;</subfield>
      <subfield code="c">29 cm.</subfield>
   </datafield>
   <datafield ind1="1" ind2="0" tag="600">
      <subfield code="6">880-04</subfield>
      <subfield code="a">Laqānī, ʻAbd al-Salām ibn Ibrāhīm,</subfield>
      <subfield code="d">1563 or 1564-1667 or 1668.</subfield>
      <subfield code="t">Sharḥ al-Jawharah fī ʻilm al-kalām.</subfield>
   </datafield>
   <datafield ind1=" " ind2="0" tag="650">
      <subfield code="a">Islam</subfield>
      <subfield code="x">Doctrines.</subfield>
      <subfield code="0">http://id.loc.gov/authorities/subjects/sh85068396</subfield>
   </datafield>
   <datafield ind1=" " ind2="0" tag="650">
      <subfield code="a">Islamic philosophy.</subfield>
      <subfield code="0">http://id.loc.gov/authorities/subjects/sh85100934</subfield>
   </datafield>
   <datafield ind1="1" ind2=" " tag="880">
      <subfield code="6">100-01/r</subfield>
      <subfield code="a">امير الكبير، محمد بن محمد،</subfield>
      <subfield code="d">1742-1817.</subfield>
   </datafield>
   <datafield ind1="1" ind2="0" tag="880">
      <subfield code="6">245-02/r</subfield>
      <subfield code="a">حاشية العلامة الامير على شرح الشيخ الامام عبد السلام على الجوهرة في علم الكلام.</subfield>
   </datafield>
   <datafield ind1=" " ind2=" " tag="880">
      <subfield code="6">260-03/r</subfield>
      <subfield code="a">بولاق :</subfield>
      <subfield code="b">المطبعة الخديوية،</subfield>
      <subfield code="c">1282 [1865 or 1866]</subfield>
   </datafield>
   <datafield ind1="1" ind2="4" tag="880">
      <subfield code="6">600-04/r</subfield>
      <subfield code="a">لقاني، عبد السلام بن ابراهيم،</subfield>
      <subfield code="d">1563 or 1564-1667 or 1668.</subfield>
      <subfield code="t">شرح الجوهرة في علم الكلام.</subfield>
   </datafield>
   <datafield ind1="4" ind2=" " tag="856">
      <subfield code="u">http://hdl.handle.net/2027/njp.32101073505669</subfield>
   </datafield>
   <datafield ind1=" " ind2=" " tag="998">
      <subfield code="a">01/05/95</subfield>
      <subfield code="s">9114</subfield>
      <subfield code="n">NjP</subfield>
      <subfield code="w">NJPG94B77332</subfield>
      <subfield code="d">12/21/94</subfield>
      <subfield code="c">AAH</subfield>
      <subfield code="b">AAH</subfield>
      <subfield code="i">950105</subfield>
      <subfield code="l">NJPG</subfield>
   </datafield>
   <datafield ind1=" " ind2=" " tag="911">
      <subfield code="a">19950115</subfield>
   </datafield>
   <datafield ind1=" " ind2=" " tag="912">
      <subfield code="a">19950105000000.0</subfield>
   </datafield>
   <datafield ind1=" " ind2=" " tag="994">
      <subfield code="a">C0</subfield>
      <subfield code="b">PUL</subfield>
   </datafield>
   <datafield ind1=" " ind2=" " tag="999">
      <subfield code="a">939846</subfield>
   </datafield>
   <datafield ind1=" " ind2=" " tag="979">
      <subfield code="a">(OCoLC)ocn176334901</subfield>
   </datafield>
   <datafield ind1="8" ind2="0" tag="852">
      <subfield code="0">1080183</subfield>
      <subfield code="b">rcppa</subfield>
      <subfield code="t">1</subfield>
      <subfield code="h">2264.113194.343 1865</subfield>
      <subfield code="x">tr fr f</subfield>
   </datafield>
   <datafield ind1="8" ind2=" " tag="852">
      <subfield code="0">8686237</subfield>
      <subfield code="b">elf1</subfield>
      <subfield code="h">Electronic Resource</subfield>
   </datafield>
   <datafield ind1=" " ind2=" " tag="959">
      <subfield code="a">2000-06-08 00:00:00 -0400</subfield>
   </datafield>
</record>
